
@incollection{joyeux-prunel_lart_2010,
	address = {Paris},
	series = {Actes de la recherche à l’{ENS}-{PSL}},
	title = {L’art et les chiffres : une mésentente historique ? : {Généalogie} critique et tentatives de conciliation},
	copyright = {https://www.openedition.org/12554},
	isbn = {978-2-7288-0989-9},
	shorttitle = {L’art et les chiffres},
	url = {https://books.openedition.org/editionsulm/8607},
	language = {fr},
	urldate = {2025-09-03},
	booktitle = {L’{Art} et la mesure : {Histoire} de l’art et méthodes quantitatives},
	publisher = {Éditions Rue d’Ulm},
	author = {Joyeux-Prunel, Béatrice},
	year = {2010},
	doi = {10.4000/books.editionsulm.8607},
	note = {Code: L’Art et la mesure : Histoire de l’art et méthodes quantitatives},
	keywords = {Articles},
	pages = {17--58},
}

@article{murphy_museum_2020,
	title = {The {Museum} + {AI} {Network} . {AI}: {A} {Museum} {Planning} {Toolkit}},
	url = {https://themuseumsai.network/wp-content/uploads/2020/02/20190317_museums-and-ai-toolkit_rl_web.pdf},
	journal = {Goldsmiths, University of London},
	author = {Murphy, Oonagh and Villaespesa, Elena},
	month = jan,
	year = {2020},
	keywords = {Articles},
}

@misc{le_ber_tutoriel_2025,
	type = {Billet},
	title = {Tutoriel {Callico} – {Pictoria}},
	url = {https://pictoria.hypotheses.org/4707},
	abstract = {Tutoriel consacré à l’application d’annotation Callico, réalisé par Pierre Husson, Fantin Le Ber et Mathieu Taybi Présentation Callico est une application open source développée par l’entreprise Teklia permettant d’organiser des campagnes collaboratives d’annotations d’images,...},
	urldate = {2025-08-25},
	journal = {Consortium-HN pictorIA},
	author = {Le Ber, Fantin and Husson, Pierre and Taybi, Mathieu},
	month = aug,
	year = {2025},
	keywords = {Articles},
}

@article{noauthor_entretien_1991,
	title = {Un entretien avec {M}. {Antoine} {Riboud} " {Les} industriels sont de plus en plus conscients de leur responsabilité collective à l'égard du public ", nous déclare le président de l'{UCAD}},
	url = {https://www.lemonde.fr/archives/article/1991/03/22/un-entretien-avec-m-antoine-riboud-les-industriels-sont-de-plus-en-plus-conscients-de-leur-responsabilite-collective-a-l-egard-du-public-nous-declare-le-president-de-l-ucad_4162365_1819218.html},
	abstract = {Le Monde.fr - 1er site d’information sur l’actualité. Retrouvez ici une archive du 22 mars 1991 sur le sujet Un entretien avec M. Antoine Riboud},
	urldate = {2025-05-19},
	month = mar,
	year = {1991},
	keywords = {Articles},
}

@article{noauthor_vitrine_1991,
	title = {Une vitrine en chantier {L}'établissement de la rue de {Rivoli} réorganise ses collections, mais s'interroge encore sur sa vocation},
	url = {https://www.lemonde.fr/archives/article/1991/03/22/une-vitrine-en-chantier-l-etablissement-de-la-rue-de-rivoli-reorganise-ses-collections-mais-s-interroge-encore-sur-sa-vocation_4162364_1819218.html},
	abstract = {Le Monde.fr - 1er site d’information sur l’actualité. Retrouvez ici une archive du 22 mars 1991 sur le sujet Une vitrine en chantier L'établissement de la rue de Rivoli réorganise ses collections, mais s'interroge encore sur sa vocation},
	urldate = {2025-05-19},
	month = mar,
	year = {1991},
	keywords = {Articles},
}

@article{castelvecchi_venice_2019,
	title = {Venice ‘time machine’ project suspended amid data row},
	volume = {574},
	copyright = {2019 Springer Nature Limited},
	url = {https://www.nature.com/articles/d41586-019-03240-w},
	doi = {10.1038/d41586-019-03240-w},
	abstract = {Disagreements among international partners leave plans to digitize the Italian city’s history in limbo.},
	number = {7780},
	urldate = {2025-09-01},
	journal = {Nature},
	author = {Castelvecchi, Davide},
	month = oct,
	year = {2019},
	note = {Bandiera\_abtest: a
Cg\_type: News
Publisher: Nature Publishing Group
Subject\_term: Databases, History},
	keywords = {Articles, Databases, History},
	pages = {607--607},
}

@misc{noauthor_venise_2019,
	type = {{infoSport}},
	title = {Venise veut stopper le projet européen {Venice} {Time} {Machine}},
	url = {https://www.rts.ch/info/sciences-tech/technologies/10731691-venise-veut-stopper-le-projet-europeen-venice-time-machine.html},
	abstract = {Les Archives d’Etat de Venise veulent stopper "Venice Time Machine" en suspendant les activités avec l’EPFL. Cela remet en cause les fondements mêmes de ce projet européen.},
	urldate = {2025-09-01},
	journal = {rts.ch},
	month = sep,
	year = {2019},
	note = {Last Modified: 2019-09-24T16:46:28Z
Section: Sciences-Tech.},
	keywords = {Articles},
}

@misc{burns_venice_2019,
	title = {Venice {Time} {Machine} {Project} {Temporarily} {Sunk}},
	url = {https://www.slashgear.com/venice-time-machine-project-temporarily-sunk-25597380/},
	abstract = {Over a thousand years of history in physical paper documents were in the process of being digitized by a state project called the Venice Time…},
	urldate = {2025-09-01},
	journal = {SlashGear},
	author = {Burns, Chris},
	month = oct,
	year = {2019},
	keywords = {Articles},
}

@article{bermes_vers_2022,
	title = {Vers l’intelligence artificielle et au-delà ! {Une} feuille de route pour la {BnF}},
	copyright = {CC BY-ND 2.0},
	issn = {2108-7016},
	url = {https://publications-prairial.fr/arabesques/?id=3082},
	doi = {10.35562/arabesques.3082},
	abstract = {Depuis plusieurs années déjà, la Bibliothèque         nationale de France (BnF) travaille avec des partenaires du secteur         académique sur des expérimentations à base d’intelligence artificielle         (IA), notamment dans le domaine         de l’OCR et de l’analyse d’images (computer vision). Elle a mis en place avec         l’IR Huma-Num le BnF DataLab, qui vise à développer de nouveaux usages         de recherche sur les collections numériques massives, mobilisant entre         autr...},
	number = {107},
	urldate = {2025-05-28},
	journal = {Arabesques},
	author = {Bermès, Emmanuelle and Leclaire, Céline},
	month = oct,
	year = {2022},
	note = {Publisher: Agence bibliographique de l'enseignement supérieur},
	keywords = {Articles},
	pages = {8--9},
}

@book{benjamin_walter_oeuvre_2013,
	address = {Paris},
	series = {Petite bibliothèque {Payot} classiques},
	title = {L'oeuvre d'art à l'époque de sa reproductibilité technique},
	isbn = {978-2-228-90970-9},
	publisher = {Payot \& Rivages},
	author = {{Benjamin Walter}},
	collaborator = {{Baecque Antoine de}},
	year = {2013},
	keywords = {Art, Art et technologie, Cinéma, Esthétique, Monographies, Philosophie, Philosophy, Photographie d'oeuvres d'art, Reproduction, Reproduction (art)},
}

@book{joyeux-prunel_lart_2010-1,
	address = {Paris},
	series = {Actes de la recherche à l’{ENS}-{PSL}},
	title = {L’{Art} et la mesure : {Histoire} de l’art et méthodes quantitatives},
	copyright = {https://www.openedition.org/12554},
	isbn = {978-2-7288-0989-9},
	shorttitle = {L’{Art} et la mesure},
	url = {https://books.openedition.org/editionsulm/8557},
	abstract = {Parler de chiffres en histoire de l’art est souvent malvenu, car cela semble considérer que l’on pourrait codifier des données dont on aime à penser qu’elles relèvent de l’immesurable, de l’insondable, du spirituel : « On ne met pas la beauté en boîte. » Mais pourquoi ? On met bien les tableaux dans des cadres, sur des murs et dans des musées, et on sait bien aussi que les œuvres d’art vivent d’abord par leur rang dans un classement élaboré depuis des siècles, dont les musées et les histoires de l’art, mais surtout le marché, sont les meilleurs comptables. Cette question préoccupait depuis plusieurs années les participants du séminaire « Art et Mesure », tenu à l’École normale supérieure, à l’Institut d’histoire moderne et contemporaine, depuis 2006 : aucun n’aurait jugé honnête de ne pas reconnaître ce qu’apportait l’approche quantitative à ses recherches – et d’abord la constitution d’une base de données rigoureuse. Les premiers travaux ayant abouti à un numéro spécial de la revue Histoire et Mesure (déc. 2008), le présent volume va plus loin : il réunit, outre des historiens, des économistes, des sociologues, des mathématiciens, des statisticiens. Il se veut un outil de travail pour les historiens de l’art qui souhaiteraient, en cohérence avec les questions suscitées par leur objet de recherche, passer par l’analyse quantitative, qu’elle soit très simple ou plus raffinée. Les articles qu’il contient proposent, à partir des exemples les plus divers, une approche très méthodique de l’analyse quantitative, qui vise d’abord à faire comprendre ce qu’est une base de données, comment il faut la construire et ce qu’elle peut apporter. Mais on a veillé à ce que les auteurs ne se dérobent pas à la question heuristique des effets du chiffre sur l’interprétation des arts… L’ouvrage s’articule ainsi en trois grandes parties : « L’approche quantitative est-elle utile à l’histoire de l’art ?  », « De la sociologie à l’histoire de l’art » et « Défis pour l’approche métrique ». Indispensable à la formation des spécialistes de l’histoire de l’art, il ne veut cependant pas les faire renoncer à l’originalité de leurs approches : la connaissance de l’histoire des styles et des formes ; le désir de comprendre les arts sans les déconnecter de leurs époques, tout en gardant la conscience de leur rayonnement jusqu’à nos jours ; l’intérêt jamais démenti pour la dimension matérielle des objets qu’ils étudient, pour la manière dont ils ont été faits, et pour la philosophie ou l’esthétique qui en a inspiré la création ; l’amour des belles choses, et le désir de comprendre pourquoi on les tint ou on les tient pour belles ; et plus généralement une curiosité affirmée pour l’intimité : celle des artistes, celle des amateurs, celle des contemplateurs, comme celle qui s’instaure, on ne sait comment, entre un objet et celui qui l’apprécie.},
	urldate = {2025-09-03},
	publisher = {Éditions Rue d’Ulm},
	editor = {Joyeux-Prunel, Béatrice},
	year = {2010},
	note = {Code: L’Art et la mesure : Histoire de l’art et méthodes quantitatives
Publication Title: L’Art et la mesure : Histoire de l’art et méthodes quantitatives
Reporter: L’Art et la mesure : Histoire de l’art et méthodes quantitatives
Series Title: Actes de la recherche à l’ENS-PSL},
	keywords = {Monographies, analyse quantitative, histoire de l’art, marché de l’art},
}

@article{labourieu_art_1857,
	title = {L'{Art} du {XIXe} siècle : revue mensuelle : {Beaux}-arts appliqués à l'industrie, romans, chroniques},
	volume = {II},
	copyright = {domaine public},
	shorttitle = {L'{Art} du {XIXe} siècle},
	url = {https://gallica.bnf.fr/ark:/12148/bpt6k6560788t},
	abstract = {L'Art du XIXe siècle : revue mensuelle : Beaux-arts appliqués à l'industrie, romans, chroniques -- 1857-02-01 -- fascicules},
	urldate = {2025-08-01},
	journal = {Gallica},
	author = {Labourieu, Théodore},
	month = feb,
	year = {1857},
	keywords = {Articles},
}

@misc{manchester_introducing_2023,
	type = {webpage},
	title = {Introducing the {LC} {Labs} {Artificial} {Intelligence} {Planning} {Framework} {\textbar} {The} {Signal}},
	url = {https://blogs.loc.gov/thesignal/2023/11/introducing-the-lc-labs-artificial-intelligence-planning-framework},
	abstract = {LC Labs has been developing a planning framework to support the responsible exploration and potential adoption of AI at the Library.},
	urldate = {2025-08-22},
	journal = {The Library of Congress},
	author = {Manchester, Eileen J.},
	month = nov,
	year = {2023},
	keywords = {Articles},
}

@misc{cnil_intelligence_nodate,
	title = {Intelligence artificielle},
	url = {https://www.cnil.fr/fr/definition/intelligence-artificielle},
	abstract = {L’intelligence artificielle est un procédé logique et automatisé reposant généralement sur un algorithme et en mesure de réaliser des tâches bien définies.},
	urldate = {2025-08-11},
	author = {CNIL},
	keywords = {Sites web},
}

@misc{it_social_ia_2025,
	title = {{IA}, pourquoi 85 \% des projets d’entreprise aboutissent à un échec ?},
	url = {https://itsocial.fr/intelligence-artificielle/intelligence-artificielle-tribunes/ia-pourquoi-85-des-projets-dentreprise-aboutissent-a-un-echec/},
	abstract = {Le gouvernement organisera le 10 et 11 février prochain le sommet pour l’action sur l’IA. Les principales thématiques de ce sommet seront liées à des enjeux de gouvernance et de durabilité. Derrière ces questions clés se dessine un autre défi. Pour l'industrie française, l'intégration réussie de l'IA représente un levier crucial de compétitivité et d'innovation. […]},
	urldate = {2025-08-22},
	journal = {IT SOCIAL},
	author = {IT SOCIAL},
	month = feb,
	year = {2025},
	keywords = {Sites web},
}

@misc{noauthor_high_2025,
	title = {{HIGH} {VISION} – {Projet} {ANR}},
	url = {https://highvision.hypotheses.org/},
	urldate = {2025-08-14},
	month = jun,
	year = {2025},
	keywords = {Sites web},
}

@misc{noauthor_fichierrapport_2022,
	title = {Fichier:{Rapport} sur l’open content dans les institutions culturelles en {France} - État des lieux des pratiques numériques et d’ouverture de contenus.pdf — {Wikipédia}},
	shorttitle = {Fichier},
	url = {https://commons.wikimedia.org/wiki/File:Rapport_sur_l%E2%80%99open_content_dans_les_institutions_culturelles_en_France_-_%C3%89tat_des_lieux_des_pratiques_num%C3%A9riques_et_d%E2%80%99ouverture_de_contenus.pdf},
	urldate = {2025-06-16},
	month = apr,
	year = {2022},
	keywords = {Sites web},
}

@phdthesis{froissart_union_1990,
	type = {phdthesis},
	title = {"{De} l'union de l'art et de l'industrie": les origines de l'{Union} centrale et la fondation du {Musée} des arts décoratifs de {Paris}},
	shorttitle = {"{De} l'union de l'art et de l'industrie"},
	url = {https://amu.hal.science/tel-03029865},
	abstract = {Se demander par quelles étapes passa la réévaluation progressive des « arts mineurs» signifie s'interroger en premier lieu sur le rôle joué par l'Union centrale des Arts décoratifs, le plus puissant des groupements d'artistes, industriels, collectionneurs, érudits et hauts fonctionnaires de la seconde moitié du XIXe siècle en France. Les origines de l'Union centrale se situent peu avant la première exposition universelle, en 1845, lorsque les artistes industriels Amédée Couder et Édouard Guichard créent une Société du Progrès de l'Art industriel, Société que le publiciste Théodore Labourieu refonde en 1858. Devenue en 1864 l’Union centrale des Beaux-appliqués à l’industrie, cette association d’artistes, de fabricants et de personnalités politiques fusionne en 1881 avec la Société du musée des arts décoratifs (créée en 1877) dans un seul et puissant organisme, l’Union centrale des arts décoratifs. L’Union centrale déploya son activité et exerça son extraordinaire influence dans des directions différentes, parfois contradictoires. Ses intérêts évoluèrent au gré des hommes qui la composèrent et qui la dirigèrent, et ses mutations reflètent souvent le cours des événements politiques ou les écoles de pensée qui marquèrent le siècle. Ce mémoire de maîtrise est la première tentative de reconstituer cette histoire et de circonscrire les discours et les actions qui ont marqué la naissance du musée des Arts décoratifs de Paris.},
	urldate = {2025-04-25},
	school = {Université Paris IV Sorbonne},
	author = {Froissart, Rossella Pezone},
	month = oct,
	year = {1990},
	keywords = {Th},
}

@article{aubry_artificial_2021,
	title = {Artificial {Intelligence} and {Art} {History}: {A} {Necessary} {Debate}?},
	copyright = {free},
	shorttitle = {Artificial {Intelligence} and {Art} {History}},
	url = {https://www.persee.fr/doc/hista_0992-2059_2021_num_87_1_3936},
	doi = {10.3406/hista.2021.3936},
	abstract = {Reflections on artificial intelligence and its impact on society seem omnipresent. What does it entail for art history ? While digitization is already well under way and has had an important impact in terms of accessibility, more advanced tools are still under development. In both cases, the long-term implications of these new techniques are largely unknown. We asked two young digital humanities researchers from different backgrounds, namely Lisandra Costiner, trained in art history, and Stuart James, trained in computer science, for their opinions regarding the impact of artificial intelligence on art history.},
	urldate = {2025-09-03},
	author = {Aubry, Mathieu and Costiner, Lisandra and James, Stuart},
	year = {2021},
	note = {Publisher: Persée - Portail des revues scientifiques en SHS},
	keywords = {Articles},
}

@misc{noauthor_appellation_2014,
	title = {Appellation « {Musée} de {France} » {\textbar} {Ministère} de la {Culture}},
	url = {https://www.culture.gouv.fr/aides-demarches/protections-labels-et-appellations/appellation-musee-de-france},
	abstract = {Les « musées de France » sont des musées agréés par l’État et bénéficiant prioritairement de son aide, selon les termes de la loi du 4 janvier 2002. L’Appellation « Musée de France » peut être accordée aux musées appartenant à l’État, à une autre personne morale de droit publ},
	urldate = {2025-08-11},
	month = jun,
	year = {2014},
	keywords = {Sites web},
}

@article{alcouffe_destin_1991,
	title = {Le destin du musée des {Arts} décoratifs},
	volume = {92},
	issn = {0035-1326},
	url = {https://shs.cairn.info/revue-de-l-art-1991-2-page-5},
	doi = {10.3917/rda.092.0005},
	number = {2},
	urldate = {2025-04-25},
	journal = {Revue de l'art},
	author = {Alcouffe, Daniel},
	year = {1991},
	note = {Publisher: Éditions Ophrys},
	keywords = {Articles},
	pages = {5--7},
}

@book{gady_dessin_2020,
	address = {Paris, France},
	title = {Le dessin sans réserve: collections du musée des arts décoratifs :},
	isbn = {978-2-916914-89-3},
	shorttitle = {Le dessin sans réserve},
	abstract = {Méconnue du grand public comme des spécialistes, la collection de dessins du musée des Arts décoratifs est pourtant l'une des plus riches du monde. Elle compte près de 200 000 œuvres, qui s'échelonnent du XVe au XXIe siècle et s'étendent jusqu'au lapon. Son importance et ses contours sont le fruit de l'histoire singulière de cette institution créée en 1864 par des industriels, des fabricants, des créateurs et des collectionneurs généreux. Les esquisses de grands maîtres, comme Le Brun. Watteau. Fragonard et Degas, côtoient les dessins d'architectes et de décorateurs, tels Mallet-Stevens ou Chareau, et les productions d'ébénistes ou de maisons de joaillerie et de couture. Des artistes attachés au musée lui ont offert une sélection de leurs œuvres, ponctuelle pour Rodin, large pour Dubuffet, voire la totalité de leur fonds graphique, pour Emilio Terry ou Jean Royère. (4e de couverture)},
	publisher = {MAD},
	author = {Gady, Bénédicte and Catala, Sarah and Gouédo-Thomas, Catherine and Mérieux, Alexandra and Dumas, Pierre-Alexis Préfacier and Gabet, Olivier Préfacier and {Musée des arts décoratifs}},
	year = {2020},
	keywords = {Dessin d'ornement, Monographies, Musée des arts décoratifs (Paris) -- Collections d'art},
}

@misc{caroll_centre_nodate,
	title = {Le {Centre} de création industrielle, de sa création à son annihilation (1968 – 1992). {Retour} sur les aventures d’un lieu singulier.},
	url = {http://problemata.org/fr/articles/322},
	abstract = {L’histoire du Centre de création industrielle (CCI) est éminemment politique. Les sujets qu’il a traités au fil des années rendent déjà compte de cet aspect. Mais l’étude des contextes dans lesquels il s’est développé montre également les desseins institutionnels à l’œuvre qui ont déterminé et faço…},
	urldate = {2025-08-25},
	author = {Caroll, Maréchal},
	keywords = {Articles},
}

@incollection{mcwilliam_beau_2014,
	address = {Paris},
	series = {Hors collection},
	title = {Le {Beau} dans l'{Utile}. {Histoire} sommaire de l'{Union} {Centrale} des {Beaux}-{Arts} appliqués à l'{Industrie}, 1866},
	copyright = {https://www.openedition.org/12554},
	isbn = {978-2-917902-86-8},
	url = {https://books.openedition.org/inha/5492},
	urldate = {2025-04-29},
	booktitle = {L’{Art} social de la {Révolution} à la {Grande} {Guerre} : {Anthologie} de textes sources},
	publisher = {Publications de l’Institut national d’histoire de l’art},
	editor = {McWilliam, Neil and Méneux, Catherine and Ramos, Julie and Fraixe, Catherine and Thibault, Estelle and Tillier, Bertrand and Vaisse, Pierre},
	year = {2014},
	doi = {10.4000/books.inha.5492},
	note = {Code: L’Art social de la Révolution à la Grande Guerre : Anthologie de textes sources},
	keywords = {Art, Art/pour tous, Beauté, Civilisation, Enseignement, Goût, Industrie, Jury, Monographies, Pauvreté, Population/ouvrière, Richesse, Utilité, ameublement, concours, exposition, État},
}

@book{brunhammer_beau_1992,
	address = {Paris, France},
	title = {Le beau dans l'utile: un musée pour les arts décoratifs},
	isbn = {978-2-07-053196-7},
	shorttitle = {Le beau dans l'utile},
	publisher = {Gallimard : Union des arts décoratifs},
	author = {Brunhammer, Yvonne},
	year = {1992},
	keywords = {Arts décoratifs -- France -- Histoire, Decoration and ornament -- France -- Museums, Decorative arts -- France -- Museums, Les Arts décoratifs (France), Monographies, Musée des arts décoratifs (France) -- History, Musée des arts décoratifs (Paris), Muséologie -- France -- Histoire, NK480.P23},
}

@misc{noauthor_convolution_nodate,
	title = {La convolution expliquée : {Définition}, {CNN} et applications},
	shorttitle = {La convolution expliquée},
	url = {https://www.ultralytics.com/fr/glossary/convolution},
	abstract = {Apprends comment la convolution alimente l'IA dans la vision par ordinateur, permettant des tâches telles que la détection d'objets, la reconnaissance d'images et l'imagerie médicale avec précision.},
	urldate = {2025-05-20},
	keywords = {Sites web},
}

@misc{noauthor_projet_nodate,
	title = {Le projet {HikarIA} lauréat de {France} 2030},
	url = {https://www.guimet.fr/fr/actualites-du-musee/le-projet-hikaria-laureat-de-france-2030},
	abstract = {Piloté par le Musée Guimet en partenariat avec la société TEKLIA et soutenu par la Caisse des dépôts dans le cadre du plan d’investissement France 2030, le projet HikarIA a pour objet de développer un outil permettant l’analyse automatique de milliers de photographies anciennes du Japon.},
	urldate = {2025-09-01},
	journal = {Musée Guimet},
	keywords = {Sites web},
}

@misc{noauthor_cartes_nodate,
	title = {Les cartes de caractéristiques dans les {CNN} : {Guide} de l'apprentissage profond {\textbar} {Ultralytics}},
	shorttitle = {Les cartes de caractéristiques dans les {CNN}},
	url = {https://www.ultralytics.com/fr/glossary/feature-maps},
	abstract = {Découvre comment les cartes de caractéristiques alimentent les modèles Ultralytics YOLO  , permettant une détection précise des objets et des applications d'IA avancées comme la conduite autonome.},
	urldate = {2025-05-20},
	keywords = {Sites web},
}

@misc{noauthor_quest-ce_2025,
	title = {Qu’est-ce que l’orchestration des workflows ? {\textbar} {IBM}},
	shorttitle = {Qu’est-ce que l’orchestration des workflows ?},
	url = {https://www.ibm.com/fr-fr/think/topics/workflow-orchestration},
	abstract = {Découvrez comment l’harmonisation des workflows coordonne plusieurs tâches automatisées entre les applications et les services métier afin d’optimiser les opérations.},
	urldate = {2025-08-10},
	month = feb,
	year = {2025},
	keywords = {Sites web},
}

@misc{noauthor_quest-ce_2023,
	title = {Qu’est-ce qu’un modèle {IA} ? {\textbar} {IBM}},
	shorttitle = {Qu’est-ce qu’un modèle {IA} ?},
	url = {https://www.ibm.com/fr-fr/think/topics/ai-model},
	abstract = {Un modèle IA est un programme qui applique un ou plusieurs algorithmes aux données pour reconnaître des modèles, faire des prédictions ou prendre des décisions sans intervention humaine.},
	urldate = {2025-08-11},
	month = sep,
	year = {2023},
	keywords = {Sites web},
}

@misc{noauthor_what_nodate,
	title = {What is {Convolution} in {Computer} {Vision}},
	url = {https://www.geeksforgeeks.org/what-is-convolution-in-computer-vision/},
	abstract = {Your All-in-One Learning Portal: GeeksforGeeks is a comprehensive educational platform that empowers learners across domains-spanning computer science and programming, school education, upskilling, commerce, software tools, competitive exams, and more.},
	urldate = {2025-05-20},
	journal = {GeeksforGeeks},
	note = {Section: Geeks Premier League},
	keywords = {Sites web},
}

@misc{noauthor_torne-h_nodate,
	title = {{TORNE}-{H}. {Traitement} d’objets par reconnaissance numérique en environnement humain / {Henrot} {\textbar} École nationale des chartes - {PSL}},
	url = {https://www.chartes.psl.eu/recherche/centre-jean-mabillon/projets-de-recherche/torne-h-traitement-dobjets-par-reconnaissance-numerique-en-environnement-humain-henrot},
	abstract = {Le projet TORNE-H repense le traitement documentaire et scientifique des collections du musée des Arts décoratifs grâce à l’analyse d’images par IA. Il vise à transformer la chaîne de traitement des collections, de la conservation à la valorisation, et à développer des processus reproductibles applicables à d'autres institutions patrimoniales.},
	urldate = {2025-08-09},
	keywords = {Sites web},
}

@misc{cerlblog_one_2024,
	title = {One key to open all locks …? {Connecting} hybrid sources of culture and scholarship with {Iconclass} and {A}.{I}.},
	shorttitle = {One key to open all locks …?},
	url = {https://cerlblog.wordpress.com/2024/06/18/one-key-to-open-all-locks/},
	abstract = {By Hans Brandhorst and Etienne Posthumus Intro In 1619 Johannes Theodor de Bry published Julius Zincgreff’s Hundred Ethical-Political Emblems. Emblem LXXX uses a quote from Vergilius’ B…},
	language = {en},
	urldate = {2025-09-03},
	journal = {Europe's printed and hand-written books in the spotlight},
	author = {{cerlblog}},
	month = jun,
	year = {2024},
	keywords = {Articles},
}

@article{cordell_machine_2020,
	title = {Machine {Learning} + {Libraries}, {A} {Report} on the {State} of the {Field}},
	url = {https://labs.loc.gov/static/labs/work/reports/Cordell-LOC-ML-report.pdf},
	abstract = {Final-2020-02-13.pdf. 4Newspaper Navigator experiment: https://labs.loc.gov/work/experiments/newspaper-navigator/.},
	journal = {Library Of Congress},
	author = {Cordell, Ryan},
	month = aug,
	year = {2020},
	keywords = {Monographies},
}

@unpublished{noauthor__1996,
	title = {— {Récolement} {DDE} 20. {Dossier} « {Le} plan stratégique de l'{UCAD}  ». {Archives} du {MAD}.},
	year = {1996},
	keywords = {Archives},
}

@unpublished{noauthor__1965,
	title = {— {DG} 2018-021/1. {Dossier}  « {Exemplaire} {SG}  ». {Archives} du {MAD}.},
	year = {1965},
	keywords = {Archives},
}

@misc{noauthor_sospensione_nodate,
	title = {Sospensione dei rapporti con {EPFL} su {Time} {Machine} - {Archivio} di {Stato} di {Venezia}},
	url = {https://archiviodistatovenezia.it/it/eventi/news/sospensione-dei-rapporti-con-epfl-su-time-machine.html},
	urldate = {2025-09-01},
	keywords = {Articles},
}

@article{abbott_time_2017,
	title = {The ‘time machine’ reconstructing ancient {Venice}’s social networks},
	volume = {546},
	copyright = {2017 Springer Nature Limited},
	issn = {1476-4687},
	url = {https://www.nature.com/articles/546341a},
	doi = {10.1038/546341a},
	abstract = {Machine-learning project will analyse 1,000 years of maps and manuscripts from the floating city's golden age.},
	language = {en},
	number = {7658},
	urldate = {2025-09-01},
	journal = {Nature},
	author = {Abbott, Alison},
	month = jun,
	year = {2017},
	note = {Publisher: Nature Publishing Group},
	keywords = {Articles, Culture, History, Information technology, Mathematics and computing},
	pages = {341--344},
}

@misc{epfl_presentation_2017,
	title = {Presentation — {A} virtual time machine for {Venice}},
	url = {https://www.youtube.com/watch?v=uQQGgYPRWfs},
	abstract = {The State Archives of Venice contain records stretching back over a thousand years. The vast collection of maps, images and other documents provide an incredibly detailed look into Venetian history. This could be used to create a kind of virtual time machine for historians and the public to explore the city.},
	urldate = {2025-09-01},
	author = {{EPFL}},
	month = jun,
	year = {2017},
	keywords = {Vid},
}

@misc{noauthor_hikaria_nodate,
	title = {{HikarIA}, {Photographie} 010\_47},
	url = {https://hikaria.org/photograph/4119977d-eaef-4192-8d3c-16036bfa087e/},
	urldate = {2025-09-01},
	keywords = {Sites web},
}

@misc{noauthor_hikaria_nodate-1,
	title = {{HikarIA}},
	url = {https://hikaria.org/},
	urldate = {2025-09-01},
	keywords = {Sites web},
}

@misc{noauthor_lindexation_nodate,
	title = {L’indexation collaborative : mieux connaître les collections grâce à vous !},
	url = {https://musee-devoile.blog/2020/06/26/lindexation-collaborative-mieux-connaitre-les-collections-grace-a-vous/},
	urldate = {2025-08-22},
	keywords = {Sites web},
}

@inproceedings{bermes_image_2023,
	series = {Humanités numériques et science ouverte},
	title = {L'image comme particule élémentaire, ou les prémisses d'un changement d'échelle à la {BnF}},
	url = {https://hal.science/hal-03991515},
	abstract = {Si le travail sur les images passionne les bibliothécaires et les chercheurs de la Bibliothèque nationale de France depuis des siècles, il a connu un tournant majeur avec le développement des traitements automatisés des documents numériques, qui promettent de faire sortir de l’ombre des images qui n’ont jamais circulé ni fait l’objet de traitements documentaires en tant qu’objets indépendants et autonomes.
Cet article se propose de raconter ces évolutions selon une approche tant historique que technique, en insistant sur la manière dont, à l’issue d’une décennie d’explorations et d’expérimentations appliquées à divers contenus iconographiques, l’établissement s’achemine vers une implantation généralisée de ces fonctionnalités de fouille dans l’ensemble de Gallica, sa bibliothèque numérique et celle de ses partenaires.
Ces nouveaux modes de « lecture » – ou, en l’occurrence, de « vision » – ne laissent pas d’interroger la notion même d’image et tout son écosystème, à commencer par la nature du dialogue qu’entretiennent l’approche visuelle et l’approche textuelle d’un contenu. 
Face aux défis qui se présentent, notamment en termes d’accès à ces contenus de publics toujours plus nombreux et diversifiés, selon des modalités et des canaux étendus, sont également soulevées les questions de la relation homme-machine et de la plus-value des professionnels de l’information.},
	urldate = {2025-09-01},
	booktitle = {The {Measurement} of {Images}. {Computational} {Approaches} in the {History} and {Theory} of the {Arts}, sous la direction de {Clarisse} {Bardiot} et {Emmanuel} {Château}-{Dutier}},
	publisher = {Presses universitaires du Septentrion},
	author = {Bermès, Emmanuelle and Leclaire, Céline and Moreux, Jean-Philippe},
	year = {2023},
	keywords = {Articles, Artificial intelligence, Bibliothèques numériques, Computer vision, Digital libraries, Fouille d'images, Image mining, Intelligence artificielle, Vision par ordinateur},
}

@article{bermes_repenser_2025,
	title = {Repenser les collections patrimoniales par le prisme de l’{IA} 2025},
	abstract = {The TORNE-H project explores the integration of AI in the documentary and scientific processing of museum collections. Focused on the Henrot collection at the musée des Arts décoratifs (MAD), it aims to optimize the inventory, indexing, and promotion of artworks through advanced image analysis techniques. Led by MAD, the École nationale des chartes, and the BnF, the project seeks to rethink humanmachine collaboration and develop reproducible processes for other heritage institutions.},
	journal = {Centre Jean Mabillon},
	author = {Bermès, Emmanuelle and Charpier, Marion},
	month = feb,
	year = {2025},
	keywords = {Articles},
}

@misc{rivoire_du_2021,
	type = {Billet},
	title = {Du beau dans l’utile},
	url = {https://bibartsdecos.hypotheses.org/1},
	abstract = {...},
	urldate = {2025-08-23},
	journal = {Du beau dans l'utile},
	author = {Rivoire, Stéphanie},
	month = jan,
	year = {2021},
	doi = {10.58079/lxg7},
	note = {ISSN: 2781-9566},
	keywords = {Articles},
}

@misc{noauthor_discours_2025,
	title = {Discours de {Rachida} {Dati}, ministre de la {Culture} - {Signature} de partenariats avec {Microsoft} {\textbar} {Ministère} de la {Culture}},
	url = {https://www.culture.gouv.fr/fr/presse/discours/discours-de-rachida-dati-ministre-de-la-culture-signature-de-partenariats-avec-microsoft},
	abstract = {Seul le prononcé fait foi Monsieur le Président de Microsoft, cher Brad Smith,Monsieur le directeur général du patrimoine et de l’architecture, cher Jean-François Hébert,Madame la directrice générale des médias et des industries culturelles, chère Florence Philbert,Monsieur le Préside},
	urldate = {2025-08-25},
	month = jul,
	year = {2025},
	keywords = {Po},
}

@misc{noauthor_replay_2025,
	title = {{REPLAY}. {Intelligence} artificielle : revivez l'interview d'{Emmanuel} {Macron} sur {France} 2, à la veille du {Sommet} de {Paris} consacré à cette technologie},
	shorttitle = {{REPLAY}. {Intelligence} artificielle},
	url = {https://www.franceinfo.fr/politique/direct-sommet-de-l-intelligence-artificielle-a-paris-emmanuel-macron-doit-s-exprimer-ce-soir-sur-france-2-sur-les-grands-enjeux-de-l-ia_7064546.html},
	abstract = {Lundi, le Sommet de Paris sur l'IA doit s'ouvrir, réunissant dirigeants politiques, chefs d'entreprise et associations.},
	urldate = {2025-08-25},
	journal = {Franceinfo},
	month = feb,
	year = {2025},
	keywords = {Po},
}

@misc{noauthor_prononce_2025,
	title = {Prononcé le 10 février 2025 - {Emmanuel} {Macron} 10022025 {Intelligence} artificielle {\textbar} vie-publique.fr},
	url = {https://www.vie-publique.fr/discours/297334-emmanuel-macron-10022025-intelligence-artificielle},
	abstract = {Déclaration de M. Emmanuel Macron, président de la République, sur l'intelligence artificielle, à Paris le 10 février 2025.},
	urldate = {2025-08-25},
	month = feb,
	year = {2025},
	keywords = {Po},
}

@unpublished{noauthor__1991,
	title = {— {A3}/96. {Dossier} du {Ministère} de la culture. « {Un} nouveau projet pour le musée ». {Archives} du {MAD}.},
	year = {1991},
	keywords = {Archives},
}

@misc{noauthor_section_nodate,
	title = {Section 1 : {Grands} départements patrimoniaux ({Articles} {R422}-1 à {R422}-3) - {Légifrance}},
	url = {https://www.legifrance.gouv.fr/codes/id/LEGISCTA000024240730/},
	urldate = {2025-08-11},
	keywords = {Législation},
}

@misc{noauthor_archives_nodate,
	title = {Les {Archives} nationales de {France} lancent la plateforme {Girophares}},
	url = {https://francearchives.gouv.fr/fr/actualite/755072461},
	language = {fr},
	urldate = {2025-08-22},
	journal = {FranceArchives},
	keywords = {Sites web},
}

@misc{noauthor_pratiques_nodate,
	title = {Pratiques collaboratives : les internautes acteurs aux côtés des services d\&\#39;archives},
	shorttitle = {Pratiques collaboratives},
	url = {https://francearchives.gouv.fr/fr/article/26288084},
	language = {fr},
	urldate = {2025-08-22},
	journal = {FranceArchives},
}

@misc{siguret_ir_2001,
	title = {{IR}, {Recueil} des répertoires des séries anciennes de l'{UCAD}, {Vol}. 1.},
	urldate = {2025-08-22},
	author = {Siguret, Florence},
	year = {2001},
	keywords = {Archives},
}

@misc{siguret_ir_2001-1,
	title = {{IR}, {Répertoire} des archives institutionnelles. {Série} {C} : {Gestion} des collections.},
	author = {Siguret, Florence},
	year = {2001},
	keywords = {Archives},
}

@misc{noauthor_loi_2002,
	title = {{LOI} n° 2002-5 du 4 janvier 2002  relative aux musées de {France}},
	urldate = {2025-08-22},
	month = jan,
	year = {2002},
	keywords = {Législation},
}

@misc{chaouabti_chaouabtitiamat_2025,
	title = {Chaouabti/{TiamaT}},
	url = {https://github.com/Chaouabti/TiamaT},
	urldate = {2025-08-21},
	author = {Chaouabti},
	month = aug,
	year = {2025},
	note = {original-date: 2025-05-07T10:20:05Z},
	keywords = {Sites web},
}

@misc{levy_jeanjeromeechoinstone_2025,
	title = {jeanjerome/{EchoInStone}},
	url = {https://github.com/jeanjerome/EchoInStone},
	abstract = {EchoInStone is an audio processing tool that transcribes, diarizes, and aligns speaker segments from audio files, prioritizing accuracy and reliability.},
	urldate = {2025-08-21},
	author = {Levy, Jean-Jerome},
	month = aug,
	year = {2025},
	note = {original-date: 2025-02-13T11:40:12Z},
	keywords = {Sites web, alignment, diarization, localhost, pyannote, python, transcribe, whisper},
}

@misc{le_ber_tutoriel_2025-1,
	type = {Billet},
	title = {Tutoriel {Arkindex} – {pictorIA}},
	url = {https://pictoria.hypotheses.org/4362},
	abstract = {Tutoriel réalisé par Pierre Husson, Fantin Le Ber et Mathieu Taybi. Présentation : Arkindex est une plateforme open-source développée par l’entreprise Teklia consacrée au traitement et à l’analyse des images à l’aide d’outils d’intelligence...},
	urldate = {2025-08-13},
	journal = {Consortium-HN pictorIA},
	author = {Le Ber, Fantin and Husson, Pierre and Taybi, Mathieu},
	month = jul,
	year = {2025},
	keywords = {Articles},
}

@phdthesis{bergere_paul_2023,
	title = {Paul {Henrot} (1908-1986). {Un} photographe oublié au service du {Mouvement} moderne},
	school = {Sorbonne Univeristé},
	author = {Bergère, Philippine and (Dir) Cerman, Jérémie},
	year = {2023},
	keywords = {Th},
}

@misc{noauthor_dan_nodate,
	title = {{DAN}: a {Segmentation}-free {Document} {Attention} {Network} for {Handwritten} {Document} {Recognition} :: {DAN} {Library}},
	url = {https://atr.pages.teklia.com/dan/dan/},
	urldate = {2025-08-14},
	keywords = {Sites web},
}

@article{tual_extraction_2025,
	title = {Extraction et interprétation sémantique de tables anciennes : défis et perspectives},
	abstract = {Historical documents containing tables represent a valuable source of information in various fields. Although heritage institutions are digitising these documents on a massive scale to facilitate access, the structured knowledge they contain remains difficult to access because it cannot be queried. This article reviews methods for extracting information from digitised tables and for semantically interpreting tables, while identifying their limitations. The challenges and perspectives associated with each task are identified in order to propose a processing chain aimed at extracting and structuring the information contained in historical tables in the form of knowledge graphs.},
	author = {Tual, Solenn and Abadie, Nathalie and Chazalon, Joseph and Duménieu, Bertrand and Perret, Julien},
	year = {2025},
	keywords = {Articles},
}

@article{saint-ours_de_projet_2024,
	title = {Le projet {HikarIA}: étude et mise en valeur du patrimoine photographique par l’intelligence artificielle},
	number = {N°147, automne-hiver},
	journal = {Culture et Recherche},
	author = {Saint-Ours (de), Édouard and Kermorvant, Christopher},
	year = {2024},
	keywords = {Articles},
	pages = {20--24},
}

@article{du_probing_2024,
	title = {Probing {Historical} {Image} {Contexts}: {Enhancing} {Visual} {Archive} {Retrieval} through {Computer} {Vision}},
	volume = {16},
	issn = {1556-4673},
	shorttitle = {Probing {Historical} {Image} {Contexts}},
	url = {https://dl.acm.org/doi/10.1145/3631129},
	doi = {10.1145/3631129},
	abstract = {This study examines the longstanding need and challenge of providing contextual analysis of historical images stored in digital visual archives and the accessibility of retrieving contextual information from these historical archives. Contextual analysis is essential for disciplines such as history and art history, as it allows for the contextualization of artwork and historical sources with historical narratives, which, in turn, enhances understanding of the artistic or political expression in the contents of cultural products. To address this challenge, a novel approach is proposed utilizing computer vision to trace the circulation and dissemination of historical photographs in their original contexts. This method involves first using YOLO v7 to crop historical images from pictorial magazines, then training machine learning models on the cropped printed images plus another large dataset of original historical photographs, and comparing the similarity of images between the datasets of printed images and original photographs. To ensure accuracy of image similarities between the two subsets with distinct image qualities, an ensemble of three machine learning models—Vision Transformer, EfficientNetv2, and Swin Transformer—was developed. Through this system, contexts in the circulation of historical photographs were discovered and new insights regarding the editing strategies of propaganda magazines in East Asia during WWII were uncovered. These outcomes offer supporting evidence for previous research in the history and art historical disciplines, and demonstrate the potential of computer vision for uncovering new information from digital visual archives. Our model achieves a 77.8\% top-15 retrieval accuracy on our evaluation dataset.},
	number = {4},
	urldate = {2025-08-14},
	journal = {J. Comput. Cult. Herit.},
	author = {Du, Lin and Le, Brandon and Honig, Edouardo},
	month = jan,
	year = {2024},
	keywords = {Articles},
	pages = {84:1--84:17},
}

@misc{noauthor_presentation_nodate,
	title = {Présentation – {Huma}-{Num}},
	url = {https://www.huma-num.fr/presentation/},
	urldate = {2025-08-13},
	keywords = {Sites web},
}

@misc{noauthor_groupes_nodate,
	title = {Groupes de travail et {Communautés} de pratiques},
	url = {https://pictoria.hypotheses.org/groupes-de-travail},
	abstract = {Le consortium est structuré autour de deux axes principaux: un axe « Traitement et exploration de données » et un axe « Diffusion ». Ces axes sont répartis d’une part en groupes de travail experts (GT), qui se...},
	urldate = {2025-08-13},
	journal = {Consortium-HN pictorIA},
	keywords = {Sites web},
}

@misc{noauthor_huma-num_nodate,
	title = {Huma-{Num} — {Cat} {OPIDoR}},
	url = {https://cat.opidor.fr/index.php/Huma-Num},
	urldate = {2025-08-13},
	keywords = {Sites web},
}

@misc{noauthor_pictoria_nodate,
	title = {{PictorIA} — {Cat} {OPIDoR}},
	url = {https://cat.opidor.fr/index.php/PictorIA},
	urldate = {2025-08-13},
	keywords = {Sites web},
}

@misc{schuh_seminaire-atelier_2025,
	type = {Billet},
	title = {Séminaire-atelier de rentrée {pictorIA} (18 septembre 2025, {BnF})},
	url = {https://pictoria.hypotheses.org/4605},
	abstract = {La journée de séminaire-atelier de rentrée du Consortium-HN pictorIA sera divisée en trois moments: en matinée, un bilan des avancées des groupes de travail et communautés de pratiques du consortium sera suivi d’un panel...},
	urldate = {2025-08-10},
	journal = {Consortium-HN pictorIA},
	author = {Schuh, Julien},
	month = jul,
	year = {2025},
	keywords = {Articles},
}

@misc{noauthor_gallicapix_nodate,
	title = {{GallicaPix}, un nouvel outil d’exploration iconographique {\textbar} {Blog} {\textbar} {Gallica}},
	url = {https://gallica.bnf.fr/accueil/fr/html/gallicapix-un-nouvel-outil-dexploration-iconographique},
	urldate = {2025-08-11},
	keywords = {Sites web},
}

@article{touzet_reseaux_nodate,
	title = {{LES} {RESEAUX} {DE} {NEURONES} {ARTIFICIELS}, {INTRODUCTION} {AU} {CONNEXIONNISME}},
	language = {fr},
	author = {Touzet, Claude},
	keywords = {Articles},
}

@article{charpier_atelier_2025,
	title = {Atelier à l'{IHEID} de {Genève} : {Introduction} à la computer vision pour les collections patrimoniales},
	author = {Charpier, Marion},
	month = jan,
	year = {2025},
	keywords = {Articles},
}

@phdthesis{grim_vision_2024,
	title = {Vision par ordinateur et collections patrimoniales : modèles et cas d'usages},
	school = {École nationale des Chartes},
	author = {Grim, Natacha},
	month = sep,
	year = {2024},
	keywords = {Th},
}

@article{feder_q_2022,
	title = {Q\&{A}: {Robert} {Erdmann} brings modern computation to centuries-old art},
	shorttitle = {Q\&{A}},
	url = {https://pubs.aip.org/physicstoday/online/29656/Q-A-Robert-Erdmann-brings-modern-computation-to},
	doi = {10.1063/PT.6.4.20220126a},
	abstract = {The materials scientist focuses on the production and aging of paint, paper, canvas, and other items of cultural heritage.},
	language = {English},
	urldate = {2025-08-11},
	author = {Feder, Toni},
	month = jan,
	year = {2022},
	keywords = {Articles},
}

@misc{carius_lexique_2024,
	type = {Billet},
	title = {Lexique : notions générales},
	shorttitle = {Lexique},
	url = {https://pictoria.hypotheses.org/1673},
	abstract = {Liste de notions clés à connaître pour suivre les questions liées à l'analyse de corpus visuels numériques en sciences humaines et sociales par le biais d’outils d’intelligence artificielle.},
	language = {fr-FR},
	urldate = {2025-08-11},
	journal = {Consortium-HN pictorIA},
	author = {Carius, Jean-Christophe},
	month = may,
	year = {2024},
	keywords = {Articles},
}

@misc{noauthor_pfia_nodate,
	title = {{PFIA} 2025 - {Journée} {Humanités} {Numériques} \& {IA}},
	url = {https://pfia2025.u-bourgogne.fr/journees/Humanit%c3%a9%20&%20IA/},
	urldate = {2025-04-28},
	keywords = {Sites web},
}

@misc{noauthor_ceres_nodate,
	title = {{CERES} {Sorbonne} {Université}},
	url = {https://ceres.sorbonne-universite.fr/Panoptic/},
	urldate = {2025-08-11},
	keywords = {Sites web},
}

@misc{noauthor_yale_nodate,
	title = {Yale {DHLab} - {PixPlot}},
	url = {https://dhlab.yale.edu/projects/pixplot/},
	urldate = {2025-08-11},
	keywords = {Sites web},
}

@misc{noauthor_convertisseur_nodate,
	title = {Convertisseur franc-euro {\textbar} {Insee}},
	url = {https://www.insee.fr/fr/information/2417794},
	urldate = {2025-08-09},
	keywords = {Sites web},
}

@unpublished{noauthor__1971,
	title = {— {DG} 2018-021/3. {Lettre} de {Jean} {Chatelain} à {François} {Mathey}. {Archives} du {MAD}.},
	month = jun,
	year = {1971},
	keywords = {Archives},
}

@misc{noauthor__1882,
	title = {— {Bulletin} officiel de l'{Union} centrale des arts décoratifs},
	copyright = {domaine public},
	url = {https://gallica.bnf.fr/ark:/12148/bpt6k5565437t},
	abstract = {Bulletin officiel de l'Union centrale des arts décoratifs -- 1882-06-20 -- fascicules},
	urldate = {2025-08-08},
	journal = {Gallica},
	month = jun,
	year = {1882},
	keywords = {Archives},
}

@unpublished{noauthor__1970,
	title = {— {DG} 2018-021/3. {Rapport} sur le renouvellement de la {Convention} liant l'État à l'{UCAD}. {Archives} du {MAD}.},
	month = dec,
	year = {1970},
	keywords = {Archives},
}

@unpublished{noauthor__1876,
	title = {— {A1}/38. {Lettre} d'{Augsute} {Louvrier} de {Lajolais}. {Archives} du {MAD}.},
	year = {1876},
	keywords = {Archives},
}

@unpublished{noauthor__1864,
	title = {— {A1}/7. {Constitution} et évolution de la société. {Archives} du {MAD}.},
	year = {1864},
	keywords = {Archives},
}

@unpublished{noauthor__2006,
	title = {— {UCAD}. {Liste} des personnalités à la tête de l'institution, de 1864 à nos jours. {Département} des arts graphiques.},
	month = jul,
	year = {2006},
	keywords = {Archives},
}

@unpublished{noauthor__1955,
	title = {— {DG} 2018-021/1. {Dossier} {Paul} {Ratouis} de {Limay}. {La} bibliothèque de l'{UCAD} (1920). {Archives} du {MAD}.},
	year = {1955},
	keywords = {Archives},
}

@unpublished{noauthor__1874,
	title = {—  {A1}/1. {Notice} historique. {Conférences}. {Archives} du {MAD}.},
	year = {1874},
	keywords = {Archives},
}

@unpublished{noauthor__1864-1,
	title = {— {A3}/77. {Origine} de la société. {Préambule}. {Archives} du {MAD}.},
	year = {1864},
	keywords = {Archives},
}

@unpublished{noauthor__1982,
	title = {— {JP}-801. {Rapports} d'activités 1982-2023. {Magasin} de la bibliothèque du {MAD}.},
	year = {1982},
	keywords = {Archives},
}

@phdthesis{charpier_computer_2023,
	title = {Computer {Vision} appliquée à l'anlayse des sources visuelles médiévales},
	school = {École nationale des Chartes},
	author = {Charpier, Marion},
	month = sep,
	year = {2023},
	keywords = {Th},
}

@article{bermes_patrimoine_2020,
	title = {Le patrimoine numérique national à l'heure de l'intelligence artificielle. {Le} programme de recherche {Corpus} comme espaced'expérimentation pour les humanités numériques},
	volume = {1},
	url = {https://bnf.hal.science/hal-02122073},
	doi = {10.5802/roia.5},
	abstract = {In a context of increasing volumes of data and reduced processing times, the National Library of France is facing several challenges and developments. In order to collect, preserve, describe and enable the study of massive and heterogeneous data sets, the Library uses not only methods of information sciences but also techniques developed in the field of computer science, especially in artificial intelligence. This growing need to convene complementary skills, combined with the research opportunities opened by these digital collections, has led the Library to create a space for supporting digital humanities.},
	number = {1},
	urldate = {2025-07-26},
	journal = {Revue Ouverte d'Intelligence Artificielle},
	author = {Bermès, Emmanuelle and Moiraghi, Eleonora},
	year = {2020},
	note = {Publisher: Association pour la diffusion de la recherche francophone en intelligence artificielle},
	keywords = {Apprentissage profond, Articles, Fouille de données, Humanités numériques, Intelligence artificielle, Patrimoine numérique},
	pages = {89 -- 109},
}

@article{kreuzberger_machine_2023,
	title = {Machine {Learning} {Operations} ({MLOps}): {Overview}, {Definition}, and {Architecture}},
	volume = {11},
	issn = {2169-3536},
	shorttitle = {Machine {Learning} {Operations} ({MLOps})},
	url = {https://ieeexplore.ieee.org/abstract/document/10081336},
	doi = {10.1109/ACCESS.2023.3262138},
	abstract = {The final goal of all industrial machine learning (ML) projects is to develop ML products and rapidly bring them into production. However, it is highly challenging to automate and operationalize ML products and thus many ML endeavors fail to deliver on their expectations. The paradigm of Machine Learning Operations (MLOps) addresses this issue. MLOps includes several aspects, such as best practices, sets of concepts, and development culture. However, MLOps is still a vague term and its consequences for researchers and professionals are ambiguous. To address this gap, we conduct mixed-method research, including a literature review, a tool review, and expert interviews. As a result of these investigations, we contribute to the body of knowledge by providing an aggregated overview of the necessary principles, components, and roles, as well as the associated architecture and workflows. Furthermore, we provide a comprehensive definition of MLOps and highlight open challenges in the field. Finally, this work provides guidance for ML researchers and practitioners who want to automate and operate their ML products with a designated set of technologies.},
	urldate = {2025-04-25},
	journal = {IEEE Access},
	author = {Kreuzberger, Dominik and Kühl, Niklas and Hirschl, Sebastian},
	year = {2023},
	keywords = {Articles, Automation, Bibliographies, CI/CD, Codes, Collaboration, DevOps, Interviews, MLOps, Machine learning, Training, machine learning, operations, workflow orchestration},
	pages = {31866--31879},
}

@article{sutton_bitter_2019,
	title = {The {Bitter} lesson},
	url = {https://www.cs.utexas.edu/~eunsol/courses/data/bitter_lesson.pdf},
	urldate = {2025-05-15},
	author = {Sutton, Rich},
	month = mar,
	year = {2019},
	keywords = {Articles},
}

@article{froissart-pezone_ecole_1999,
	title = {The École {Nationale} des {Arts} {Décoratifs} in {Paris} {Adapts} to {Meet} the {Twentieth} {Century}},
	volume = {7},
	issn = {1069-8825},
	url = {https://www.jstor.org/stable/40662721},
	number = {1},
	urldate = {2025-05-13},
	journal = {Studies in the Decorative Arts},
	author = {Froissart-Pezone, Rossella and Wittman, Richard},
	year = {1999},
	note = {Publisher: [University of Chicago Press, Bard Graduate Center]},
	keywords = {Articles},
	pages = {2--32},
}

@article{villaespesa_this_2021,
	title = {This is not an apple! {Benefits} and challenges of applying computer vision to museum collections},
	volume = {36},
	issn = {0964-7775},
	url = {https://doi.org/10.1080/09647775.2021.1873827},
	doi = {10.1080/09647775.2021.1873827},
	abstract = {The application of computer vision on museum collection data is at an experimental stage with predictions that it will grow in significance and use in the coming years. This research, based on the analysis of five case studies and semi-structured interviews with museum professionals, examined the opportunities and challenges of these technologies, the resources and funding required, and the ethical implications that arise during these initiatives. The case studies examined in this paper are drawn from: The Metropolitan Museum of Art (USA), Princeton University Art Museum (USA), Museum of Modern Art (USA), Harvard Art Museums (USA), Science Museum Group (UK). The research findings highlight the possibilities of computer vision to offer new ways to analyze, describe and present museum collections. However, their actual implementation on digital products is currently very limited due to the lack of resources and the inaccuracies created by algorithms. This research adds to the rapidly evolving field of computer vision within the museum sector and provides recommendations to operationalize the usage of these technologies, increase the transparency on their application, create ethics playbooks to manage potential bias and collaborate across the museum sector.},
	number = {4},
	urldate = {2025-04-25},
	journal = {Museum Management and Curatorship},
	author = {Villaespesa, Elena and and Murphy, Oonagh},
	month = jul,
	year = {2021},
	note = {Publisher: Routledge
\_eprint: https://doi.org/10.1080/09647775.2021.1873827},
	keywords = {Articles, Museum collections, artificial intelligence, bias, computer vision, data management, ethics},
	pages = {362--383},
}

@misc{noauthor_origines_nodate,
	title = {Les origines : l’{Union} centrale des beaux-arts appliqués à l’industrie},
	shorttitle = {Les origines},
	url = {https://madparis.fr/les-origines-l-union-centrale-des-beaux-arts-appliques-a-l-industrie},
	abstract = {Les arts ont un rôle éminemment social et politique à tenir. Politiciens, penseurs et artistes tentent, depuis la période des Lumières et encore plus au siècle suivant, de leur donner une place plus grande au cœur de la société. Cela est encore plus vrai pour les arts dits industriels, ensuite dénommés arts appliqués puis décoratifs. Pierre Jean Baptiste Chaussard, écrivain et secrétaire général de la Commission de l’Instruction publique, affirme en 1798 : « On a jusqu’ici considéré les arts comme les ornements de l’édifice social. Ils font partie de ses bases. Mobiles du commerce... (…)},
	urldate = {2025-04-29},
	journal = {Les Arts Décoratifs - Site officiel},
	keywords = {Sites web},
}

@misc{noauthor_inha_nodate,
	title = {{INHA} - {Droit} des images, histoire de l'art et société - {Histoire} des arts},
	url = {https://hda.ac-versailles.fr/spip.php?article700},
	urldate = {2025-05-28},
	keywords = {Sites web},
}

@misc{noauthor_guide_nodate,
	title = {Guide du {Musée} des arts décoratifs - {Bibliothèques} spécialisées et patrimoniales de la {Ville} de {Paris}},
	url = {https://bibliotheques-specialisees.paris.fr/ark:/73873/pf0000612833},
	urldate = {2025-05-13},
	keywords = {Sites web},
}

@book{texte_guide_1905,
	title = {Guide sommaire à travers le {Musée} des arts décoratifs. {Palais} du {Louvre}. {Pavillon} de {Marsan}... [{Notice} historique sur le {Musée} des arts décoratifs.]},
	copyright = {domaine public},
	url = {https://gallica.bnf.fr/ark:/12148/bpt6k65275352},
	abstract = {Guide sommaire à travers le Musée des arts décoratifs. Palais du Louvre. Pavillon de Marsan... [Notice historique sur le Musée des arts décoratifs.] -- 1905 -- livre},
	language = {EN},
	urldate = {2025-04-25},
	author = {texte, Musée des arts décoratifs (Paris) Auteur du},
	year = {1905},
	keywords = {Monographies},
}

@misc{noauthor_cs231n_nodate,
	title = {{CS231n} {Deep} {Learning} for {Computer} {Vision}},
	url = {https://cs231n.github.io/convolutional-networks/},
	urldate = {2025-05-20},
	keywords = {Sites web},
}
